@misc{china2022,
	author = {中国信息通讯研究院},
	title = {中国算力发展指数白皮书2022},
	howpublished = {[EB/OL]},
	note = {\url{http://www.caict.ac.cn/english/research/whitepapers/202211/P020221111510290584602.pdf}},
	year = 2022,
}

@misc{tensorrt7,
	author = {Nvidia},
	title = {TensorRT7.x},
	howpublished = {[EB/OL]},
	note = {\url{https://docs.nvidia.com/deeplearning/tensorrt/release-notes/tensorrt-7.html}},
	year = 2023,
}


@inproceedings{lattner2004llvm,
	title={LLVM: A compilation framework for lifelong program analysis \& transformation},
	author={Lattner, Chris and Adve, Vikram},
	booktitle={International symposium on code generation and optimization, 2004. CGO 2004.},
	pages={75--86},
	year={2004},
	organization={IEEE}
}

@article{jaffe1990software,
	title={Software requirements analysis for real-time process-control systems},
	author={Jaffe, Matthew S and Leveson, Nancy G and Heimdahl, Mats and Melhart, Bonnie},
	year={1990}
}


@article{dean2013tail,
	title={The tail at scale},
	author={Dean, Jeffrey and Barroso, Luiz Andr{\'e}},
	journal={Communications of the ACM},
	volume={56},
	number={2},
	pages={74--80},
	year={2013},
	publisher={ACM New York, NY, USA}
}

@article{dunning2019computing,
	title={Computing extremely accurate quantiles using t-digests},
	author={Dunning, Ted and Ertl, Otmar},
	journal={arXiv preprint arXiv:1902.04023},
	year={2019}
}

@article{zhang2016treadmill,
	title={Treadmill: Attributing the source of tail latency through precise load testing and statistical inference},
	author={Zhang, Yunqi and Meisner, David and Mars, Jason and Tang, Lingjia},
	journal={ACM SIGARCH Computer Architecture News},
	volume={44},
	number={3},
	pages={456--468},
	year={2016},
	publisher={ACM New York, NY, USA}
}

@inproceedings{kalpakis2001distance,
	title={Distance measures for effective clustering of ARIMA time-series},
	author={Kalpakis, Konstantinos and Gada, Dhiral and Puttagunta, Vasundhara},
	booktitle={Proceedings 2001 IEEE international conference on data mining},
	pages={273--280},
	year={2001},
	organization={IEEE}
}

@article{chatfield1988holt,
	title={Holt-Winters forecasting: some practical issues},
	author={Chatfield, Chris and Yar, Mohammad},
	journal={Journal of the Royal Statistical Society: Series D (The Statistician)},
	volume={37},
	number={2},
	pages={129--140},
	year={1988},
	publisher={Wiley Online Library}
}

@misc{HuaweiCANN,
	author = {HuaweiCANN},
	title = {CANN6.0},
	howpublished = {[EB/OL]},
	note = {\url{https://www.hiascend.com/document/detail/zh/canncommercial/60RC1/overview/index.html}},
	year = 2022,
}

@misc{rknnprocess,
	author = {PaddlePaddle},
	title = {部署套件FastDeploy},
	howpublished = {[EB/OL]},
	note = {\url{https://aistudio.baidu.com/aistudio/projectdetail/5057495?channelType=0&channel=0}},
	year = 2023,
}

@inproceedings{xia2019anomaly,
	title={Anomaly detection and processing in artificial intelligence for it operations of power system},
	author={Xia, Yiyu and Lu, Jixiang and Li, Yun and Zhang, Bin and Li, Hao and Xie, Feng and Liu, Shaobo and Xu, Chunlei},
	booktitle={2019 IEEE 8th International Conference on Advanced Power System Automation and Protection (APAP)},
	pages={1099--1104},
	year={2019},
	organization={IEEE}
}

@article{lecun2015deep,
	title={Deep learning},
	author={LeCun, Yann and Bengio, Yoshua and Hinton, Geoffrey},
	journal={nature},
	volume={521},
	number={7553},
	pages={436--444},
	year={2015},
	publisher={Nature Publishing Group UK London}
}

@article{dabov2007image,
	title={Image denoising by sparse 3-D transform-domain collaborative filtering},
	author={Dabov, Kostadin and Foi, Alessandro and Katkovnik, Vladimir and Egiazarian, Karen},
	journal={IEEE Transactions on image processing},
	volume={16},
	number={8},
	pages={2080--2095},
	year={2007},
	publisher={IEEE}
}

@inproceedings{chen2015deepdriving,
	title={Deepdriving: Learning affordance for direct perception in autonomous driving},
	author={Chen, Chenyi and Seff, Ari and Kornhauser, Alain and Xiao, Jianxiong},
	booktitle={Proceedings of the IEEE international conference on computer vision},
	pages={2722--2730},
	year={2015}
}

@article{santos2020real,
	title={Real-time traffic sign detection and recognition using CNN},
	author={Santos, Daniel Castriani and da Silva, Francisco Assis and Pereira, Danillo Roberto and de Almeida, Leandro Luiz and Artero, Almir Olivette and Piteri, Marco Ant{\^o}nio and Albuquerque, Victor Hugo},
	journal={IEEE Latin America Transactions},
	volume={18},
	number={03},
	pages={522--529},
	year={2020},
	publisher={IEEE}
}

@article{wang2019deep,
	title={Deep learning for sensor-based activity recognition: A survey},
	author={Wang, Jindong and Chen, Yiqiang and Hao, Shuji and Peng, Xiaohui and Hu, Lisha},
	journal={Pattern recognition letters},
	volume={119},
	pages={3--11},
	year={2019},
	publisher={Elsevier}
}

@inproceedings{huang2019cpp,
	title={Cpp-Taskflow: Fast task-based parallel programming using modern C++},
	author={Huang, Tsung-Wei and Lin, Chun-Xun and Guo, Guannan and Wong, Martin},
	booktitle={2019 IEEE International Parallel and Distributed Processing Symposium (IPDPS)},
	pages={974--983},
	year={2019},
	organization={IEEE}
}


@article{litjens2017survey,
	title={A survey on deep learning in medical image analysis},
	author={Litjens, Geert and Kooi, Thijs and Bejnordi, Babak Ehteshami and Setio, Arnaud Arindra Adiyoso and Ciompi, Francesco and Ghafoorian, Mohsen and Van Der Laak, Jeroen Awm and Van Ginneken, Bram and S{\'a}nchez, Clara I},
	journal={Medical image analysis},
	volume={42},
	pages={60--88},
	year={2017},
	publisher={Elsevier}
}


@inproceedings{deng2009imagenet,
	title={Imagenet: A large-scale hierarchical image database},
	author={Deng, Jia and Dong, Wei and Socher, Richard and Li, Li-Jia and Li, Kai and Fei-Fei, Li},
	booktitle={2009 IEEE conference on computer vision and pattern recognition},
	pages={248--255},
	year={2009},
	organization={Ieee}
}

@article{DBLP:journals/corr/abs-1802-04799,
	author    = {Tianqi Chen and
	Thierry Moreau and
	Ziheng Jiang and
	Haichen Shen and
	Eddie Q. Yan and
	Leyuan Wang and
	Yuwei Hu and
	Luis Ceze and
	Carlos Guestrin and
	Arvind Krishnamurthy},
	title     = {{TVM:} End-to-End Optimization Stack for Deep Learning},
	journal   = {CoRR},
	volume    = {abs/1802.04799},
	year      = {2018},
	url       = {http://arxiv.org/abs/1802.04799},
	eprinttype = {arXiv},
	eprint    = {1802.04799},
	timestamp = {Sat, 17 Dec 2022 01:15:27 +0100},
	biburl    = {https://dblp.org/rec/journals/corr/abs-1802-04799.bib},
	bibsource = {dblp computer science bibliography, https://dblp.org}
}

@article{paszke2019pytorch,
	title={Pytorch: An imperative style, high-performance deep learning library},
	author={Paszke, Adam and Gross, Sam and Massa, Francisco and Lerer, Adam and Bradbury, James and Chanan, Gregory and Killeen, Trevor and Lin, Zeming and Gimelshein, Natalia and Antiga, Luca and others},
	journal={Advances in neural information processing systems},
	volume={32},
	year={2019}
}

@article{ng2003sift,
	title={SIFT: Predicting amino acid changes that affect protein function},
	author={Ng, Pauline C and Henikoff, Steven},
	journal={Nucleic acids research},
	volume={31},
	number={13},
	pages={3812--3814},
	year={2003},
	publisher={Oxford University Press}
}

@inproceedings{he2016deep,
	title={Deep residual learning for image recognition},
	author={He, Kaiming and Zhang, Xiangyu and Ren, Shaoqing and Sun, Jian},
	booktitle={Proceedings of the IEEE conference on computer vision and pattern recognition},
	pages={770--778},
	year={2016}
}

@article{vaswani2017attention,
	title={Attention is all you need},
	author={Vaswani, Ashish and Shazeer, Noam and Parmar, Niki and Uszkoreit, Jakob and Jones, Llion and Gomez, Aidan N and Kaiser, {\L}ukasz and Polosukhin, Illia},
	journal={Advances in neural information processing systems},
	volume={30},
	year={2017}
}

@article{khan2022transformers,
	title={Transformers in vision: A survey},
	author={Khan, Salman and Naseer, Muzammal and Hayat, Munawar and Zamir, Syed Waqas and Khan, Fahad Shahbaz and Shah, Mubarak},
	journal={ACM computing surveys (CSUR)},
	volume={54},
	number={10s},
	pages={1--41},
	year={2022},
	publisher={ACM New York, NY}
}

@inproceedings{bodla2017soft,
	title={Soft-NMS--improving object detection with one line of code},
	author={Bodla, Navaneeth and Singh, Bharat and Chellappa, Rama and Davis, Larry S},
	booktitle={Proceedings of the IEEE international conference on computer vision},
	pages={5561--5569},
	year={2017}
}

@article{bradski2000opencv,
	title={The openCV library.},
	author={Bradski, Gary},
	journal={Dr. Dobb's Journal: Software Tools for the Professional Programmer},
	volume={25},
	number={11},
	pages={120--123},
	year={2000},
	publisher={Miller Freeman Inc.}
}
@book{sanders2010cuda,
	title={CUDA by example: an introduction to general-purpose GPU programming},
	author={Sanders, Jason and Kandrot, Edward},
	year={2010},
	publisher={Addison-Wesley Professional}
}
@article{xu2015empirical,
	title={Empirical evaluation of rectified activations in convolutional network},
	author={Xu, Bing and Wang, Naiyan and Chen, Tianqi and Li, Mu},
	journal={arXiv preprint arXiv:1505.00853},
	year={2015}
}

@article{muthukrishnan2005data,
	title={Data streams: Algorithms and applications},
	author={Muthukrishnan, Shanmugavelayutham and others},
	journal={Foundations and Trends{\textregistered} in Theoretical Computer Science},
	volume={1},
	number={2},
	pages={117--236},
	year={2005},
	publisher={Now Publishers, Inc.}
}

@article{yang2020hierarchical,
	title={Hierarchical roofline analysis: How to collect data using performance tools on intel cpus and nvidia gpus},
	author={Yang, Charlene},
	journal={arXiv preprint arXiv:2009.02449},
	year={2020}
}

@article{george2021mez,
	title={Mez: An adaptive messaging system for latency-sensitive multi-camera machine vision at the iot edge},
	author={George, Anjus and Ravindran, Arun and Mendieta, Matias and Tabkhi, Hamed},
	journal={IEEE Access},
	volume={9},
	pages={21457--21473},
	year={2021},
	publisher={IEEE}
}


@inproceedings{kreps2011kafka,
	title={Kafka: A distributed messaging system for log processing},
	author={Kreps, Jay and Narkhede, Neha and Rao, Jun and others},
	booktitle={Proceedings of the NetDB},
	volume={11},
	number={2011},
	pages={1--7},
	year={2011},
	organization={Athens, Greece}
}

@inproceedings{dobbelaere2017kafka,
	title={Kafka versus RabbitMQ: A comparative study of two industry reference publish/subscribe implementations: Industry Paper},
	author={Dobbelaere, Philippe and Esmaili, Kyumars Sheykh},
	booktitle={Proceedings of the 11th ACM international conference on distributed and event-based systems},
	pages={227--238},
	year={2017}
}

@misc{bpfgpu,
	author = {Andrew Liang, Cruise},
	title = {Observing GPU Runtime Behavior Inside a Self-Driving Car},
	howpublished = {[EB/OL]},
	note = {\url{https://ebpf.io/summit-2021.html}},
	year = 2021,
}

@misc{bpfring,
	author = {Andrii Nakryiko},
	title = {BPF ring buffer},
	howpublished = {[EB/OL]},
	note = {\url{https://lwn.net/Articles/821456/}},
	year = 2020,
}

@article{axboe2019efficient,
	title={Efficient IO with io\_uring},
	author={Axboe, Jens},
	journal={URL https://kernel. dk/iouring. pdf},
	year={2019}
}

@patent{patent,
	author = {方海舟等},
	title  = {延迟记录方法及装置、计算机可读存储介质、终端, 中国},
	date   = {2023},
}

@inproceedings{mccanne1993bsd,
	title={The BSD Packet Filter: A New Architecture for User-level Packet Capture.},
	author={McCanne, Steven and Jacobson, Van},
	booktitle={USENIX winter},
	volume={46},
	year={1993}
}

@misc{stortrace,
	author = {方海舟},
	title = {stortrace: High-performance IO tracing and analysis tool based ebpf mechanism},
	howpublished = {[EB/OL]},
	note = {\url{https://gitee.com/openeuler/stortrace}},
	year = 2022,
}

@article{ma2019paddlepaddle,
	title={PaddlePaddle: An open-source deep learning platform from industrial practice},
	author={Ma, Yanjun and Yu, Dianhai and Wu, Tian and Wang, Haifeng},
	journal={Frontiers of Data and Domputing},
	volume={1},
	number={1},
	pages={105--115},
	year={2019}
}

@inproceedings{arora1998thread,
	title={Thread scheduling for multiprogrammed multiprocessors},
	author={Arora, Nimar S and Blumofe, Robert D and Plaxton, C Greg},
	booktitle={Proceedings of the tenth annual ACM symposium on Parallel algorithms and architectures},
	pages={119--129},
	year={1998}
}

@inproceedings{augonnet2009starpu,
	title={StarPU: a unified platform for task scheduling on heterogeneous multicore architectures},
	author={Augonnet, C{\'e}dric and Thibault, Samuel and Namyst, Raymond and Wacrenier, Pierre-Andr{\'e}},
	booktitle={Euro-Par 2009 Parallel Processing: 15th International Euro-Par Conference, Delft, The Netherlands, August 25-28, 2009. Proceedings 15},
	pages={863--874},
	year={2009},
	organization={Springer}
}
@article{srivastava2014dropout,
	title={Dropout: a simple way to prevent neural networks from overfitting},
	author={Srivastava, Nitish and Hinton, Geoffrey and Krizhevsky, Alex and Sutskever, Ilya and Salakhutdinov, Ruslan},
	journal={The journal of machine learning research},
	volume={15},
	number={1},
	pages={1929--1958},
	year={2014},
	publisher={JMLR. org}
}

@book{mcclelland1987parallel,
	title={Parallel Distributed Processing, Volume 2: Explorations in the Microstructure of Cognition: Psychological and Biological Models},
	author={McClelland, James L and Rumelhart, David E and PDP Research Group and others},
	volume={2},
	year={1987},
	publisher={MIT press}
}

@inproceedings{cai2019maxpoolnms,
	title={MaxpoolNMS: getting rid of NMS bottlenecks in two-stage object detectors},
	author={Cai, Lile and Zhao, Bin and Wang, Zhe and Lin, Jie and Foo, Chuan Sheng and Aly, Mohamed Sabry and Chandrasekhar, Vijay},
	booktitle={Proceedings of the IEEE/CVF Conference on Computer Vision and Pattern Recognition},
	pages={9356--9364},
	year={2019}
}


@inproceedings{lin2017focal,
	title={Focal loss for dense object detection},
	author={Lin, Tsung-Yi and Goyal, Priya and Girshick, Ross and He, Kaiming and Doll{\'a}r, Piotr},
	booktitle={Proceedings of the IEEE international conference on computer vision},
	pages={2980--2988},
	year={2017}
}
@article{gregg2016flame,
	title={The Flame Graph: This visualization of software execution is a new necessity for performance profiling and debugging.},
	author={Gregg, Brendan},
	journal={Queue},
	volume={14},
	number={2},
	pages={91--110},
	year={2016},
	publisher={ACM New York, NY, USA}
}

@book{reinders2005vtune,
	title={VTune performance analyzer essentials},
	author={Reinders, James},
	volume={9},
	year={2005},
	publisher={Intel Press Santa Clara}
}


@article{chandran2014monitoring,
	title={Monitoring in a Virtualized Environment},
	author={Chandran, Midhun and Walvekar, Jayant},
	journal={GSTF Journal on Computing (JoC)},
	volume={1},
	number={1},
	year={2014}
}

@inproceedings{geppert1997logging,
	title={Logging and post-mortem analysis of workflow executions based on event histories},
	author={Geppert, Andreas and Tombros, Dimitris},
	booktitle={Rules in Database Systems},
	pages={67--82},
	year={1997}
}

@misc{threadpool,
	author = {陆晨},
	title = {Java线程池实现原理及其在美团业务中的实践},
	howpublished = {[EB/OL]},
	note = {\url{https://tech.meituan.com/2020/04/02/java-pooling-pratice-in-meituan.html}},
	year = 2020,
}

@misc{arm76,
	author = {wikichip},
	title = {Cortex-A76 - Microarchitectures - ARM},
	howpublished = {[EB/OL]},
	note = {\url{https://en.wikichip.org/wiki/arm_holdings/microarchitectures/cortex-a76}},
	year = 2020,
}

@inproceedings{febvay2020low,
	title={Low-level Optimizations for Faster Mobile Deep Learning Inference Frameworks},
	author={Febvay, Mathieu},
	booktitle={Proceedings of the 28th ACM International Conference on Multimedia},
	pages={4738--4742},
	year={2020}
}

@inproceedings{keniston2007ptrace,
	title={Ptrace, utrace, uprobes: Lightweight, dynamic tracing of user apps},
	author={Keniston, Jim and Mavinakayanahalli, Ananth and Panchamukhi, Prasanna and Prasad, Vara},
	booktitle={Proceedings of the 2007 Linux symposium},
	pages={215--224},
	year={2007}
}

@book{gregg2011dtrace,
	title={DTrace: Dynamic Tracing in Oracle Solaris, Mac OS X, and FreeBSD},
	author={Gregg, Brendan and Mauro, Jim},
	year={2011},
	publisher={Prentice Hall Professional}
}

@inproceedings{prasad2005locating,
	title={Locating system problems using dynamic instrumentation},
	author={Prasad, Vara and Cohen, William and Eigler, FC and Hunt, Martin and Keniston, Jim and Chen, J},
	booktitle={2005 Ottawa Linux Symposium},
	pages={49--64},
	year={2005},
	organization={New York, NY: IEEE}
}


@misc{whatisbpf,
	author = {eBPFCommunity},
	title = {ebpfs impact on the linux kernel},
	howpublished = {[EB/OL]},
	note = {\url{https://ebpf.io/what-is-ebpf}},
	year = 2022,
}

@inproceedings{de2010new,
	title={The new linux’perf’tools},
	author={De Melo, Arnaldo Carvalho},
	booktitle={Slides from Linux Kongress},
	volume={18},
	pages={1--42},
	year={2010}
}

@article{burke2017meta,
	title={Meta-analysis using individual participant data: one-stage and two-stage approaches, and why they may differ},
	author={Burke, Danielle L and Ensor, Joie and Riley, Richard D},
	journal={Statistics in medicine},
	volume={36},
	number={5},
	pages={855--875},
	year={2017},
	publisher={Wiley Online Library}
}
@article{toubiana2011analysis,
	title={An analysis of google log retention policies},
	author={Toubiana, Vincent and Nissenbaum, Helen},
	year={2011}
}

@article{serrano2005bugzilla,
	title={Bugzilla, ITracker, and other bug trackers},
	author={Serrano, Nicolas and Ciordia, Ismael},
	journal={IEEE software},
	volume={22},
	number={2},
	pages={11--13},
	year={2005},
	publisher={IEEE}
}

@book{anggoro2015boost,
	title={Boost. Asio C++ Network Programming},
	author={Anggoro, Wisnu and Torjo, John},
	year={2015},
	publisher={Packt Publishing Ltd}
}